[{"trade_id": 66360685, "type": "buy", "quantity": "0.32232465", "price": "362.658", "amount": "116.89361291", "date": 1533859433}, {"trade_id": 66360686, "type": "buy", "quantity": "0.26446352", "price": "362.658", "amount": "95.90981123", "date": 1533859434}, {"trade_id": 66360866, "type": "buy", "quantity": "0.16", "price": "363.96", "amount": "58.2336", "date": 1533859837}, {"trade_id": 66360942, "type": "buy", "quantity": "0.16274", "price": "364.14", "amount": "59.2601436", "date": 1533860053}, {"trade_id": 66361107, "type": "buy", "quantity": "0.13", "price": "364.45", "amount": "47.3785", "date": 1533860326}, {"trade_id": 66361240, "type": "sell", "quantity": "0.14665", "price": "363.84", "amount": "53.357136", "date": 1533860695}, {"trade_id": 66361340, "type": "sell", "quantity": "0.16", "price": "363.84", "amount": "58.2144", "date": 1533861019}, {"trade_id": 66361388, "type": "sell", "quantity": "0.12", "price": "363.557", "amount": "43.62684", "date": 1533861178}, {"trade_id": 66361474, "type": "sell", "quantity": "0.167", "price": "363.789", "amount": "60.752763", "date": 1533861455}, {"trade_id": 66361603, "type": "buy", "quantity": "0.1228", "price": "364.314", "amount": "44.7377592", "date": 1533861850}, {"trade_id": 66361638, "type": "sell", "quantity": "0.16124", "price": "363.89", "amount": "58.6736236", "date": 1533861994}, {"trade_id": 66361714, "type": "buy", "quantity": "0.01", "price": "364.65311472", "amount": "3.64653114", "date": 1533862238}, {"trade_id": 66361713, "type": "buy", "quantity": "0.10133614", "price": "364.65311472", "amount": "36.95253908", "date": 1533862238}, {"trade_id": 66361785, "type": "buy", "quantity": "0.14", "price": "365.14", "amount": "51.1196", "date": 1533862537}, {"trade_id": 66361963, "type": "sell", "quantity":
    "0.13875", "price": "364.068", "amount": "50.514435", "date": 1533862975}, {"trade_id": 66361978, "type": "sell", "quantity": "0.13304", "price": "364.78", "amount": "48.5303312", "date": 1533863091}, {"trade_id": 66362230, "type": "sell", "quantity": "0.166", "price": "364.16", "amount": "60.45056", "date": 1533863697}, {"trade_id": 66362289, "type": "sell", "quantity": "0.1348", "price": "364.297", "amount": "49.1072356", "date": 1533863870}, {"trade_id": 66362484, "type": "buy", "quantity": "0.15589", "price": "365.327", "amount": "56.95082603", "date": 1533864296}, {"trade_id": 66362640, "type": "sell", "quantity": "0.1309", "price": "363.82", "amount": "47.624038", "date": 1533864625}, {"trade_id": 66362828, "type": "buy", "quantity": "0.14953", "price": "364.847", "amount": "54.55557191", "date": 1533864901}, {"trade_id": 66362875, "type": "buy", "quantity": "0.152", "price": "365.487", "amount": "55.554024", "date": 1533864990}, {"trade_id": 66363122, "type": "buy", "quantity":
    "0.17", "price": "365.09", "amount": "62.0653", "date": 1533865339}, {"trade_id": 66363309, "type": "buy", "quantity": "0.1586", "price": "365.495", "amount": "57.967507", "date": 1533865606}, {"trade_id": 66363472, "type": "sell", "quantity": "0.04987", "price": "362.65813359", "amount": "18.08576112", "date": 1533865876}, {"trade_id": 66363474, "type": "buy", "quantity": "0.184", "price": "365.92939648", "amount": "67.33100895", "date": 1533865884}, {"trade_id": 66363547, "type": "buy", "quantity": "0.1149", "price": "364.328", "amount": "41.8612872", "date": 1533866088}, {"trade_id": 66363617, "type": "buy", "quantity": "0.15", "price": "364.612", "amount": "54.6918", "date": 1533866297}, {"trade_id": 66363691, "type": "sell", "quantity": "0.1228", "price": "363.58", "amount": "44.647624", "date": 1533866574}, {"trade_id": 66363958, "type": "sell", "quantity": "0.1576", "price": "364.13", "amount": "57.386888", "date": 1533867077}, {"trade_id": 66364009, "type": "sell", "quantity":
    "0.0180018", "price": "362.65813359", "amount": "6.52849918", "date": 1533867210}, {"trade_id": 66364034, "type": "sell", "quantity": "0.016", "price": "362.65813359", "amount": "5.80253013", "date":
    1533867271}, {"trade_id": 66364071, "type": "buy", "quantity": "0.158", "price": "364.79", "amount": "57.63682", "date": 1533867373}, {"trade_id": 66364107, "type": "sell", "quantity": "0.017", "price": "362.65813359", "amount": "6.16518827", "date": 1533867473}, {"trade_id": 66364123, "type": "sell", "quantity": "0.09630947", "price": "361.39325719", "amount": "34.80559306", "date": 1533867487},
    {"trade_id": 66364122, "type": "sell", "quantity": "0.00091002", "price": "362.65813359", "amount": "0.33002615", "date": 1533867487}, {"trade_id": 66364243, "type": "sell", "quantity": "0.155", "price": "363.19", "amount": "56.29445", "date": 1533867518}, {"trade_id": 66364504, "type": "sell", "quantity": "0.02115847", "price": "358.8767239", "amount": "7.59328239", "date": 1533867619}, {"trade_id": 66364503, "type": "sell", "quantity": "0.10154778", "price": "360.13279242", "amount": "36.57068557", "date": 1533867619}, {"trade_id": 66364502, "type": "sell", "quantity": "0.00509475", "price": "361.39325719", "amount": "1.84120829", "date": 1533867619}, {"trade_id": 66364578, "type": "buy", "quantity": "0.138", "price": "361.461", "amount": "49.881618", "date": 1533867776}, {"trade_id": 66364900, "type": "sell", "quantity": "0.1426", "price": "360.266", "amount": "51.3739316", "date": 1533868061}, {"trade_id": 66364965, "type": "sell", "quantity": "0.09664718", "price": "358.87672388", "amount": "34.68442333", "date": 1533868119}, {"trade_id": 66364964, "type": "sell", "quantity": "0.01", "price": "358.87672415", "amount": "3.58876724", "date": 1533868119}, {"trade_id": 66365250, "type": "sell", "quantity": "0.13", "price": "359.52", "amount": "46.7376", "date": 1533868423}, {"trade_id": 66365441, "type": "buy", "quantity": "0.14773", "price": "361", "amount": "53.33053", "date": 1533868759}, {"trade_id": 66365650, "type": "sell", "quantity": "0.15", "price": "359.94", "amount": "53.991", "date": 1533869220}, {"trade_id": 66365761, "type": "buy", "quantity": "0.162", "price": "361.175", "amount": "58.51035", "date": 1533869499}, {"trade_id": 66365840, "type": "buy", "quantity": "0.15", "price": "361.459", "amount": "54.21885", "date": 1533869706}, {"trade_id": 66365923, "type": "sell", "quantity": "0.155", "price": "359.4", "amount": "55.707", "date": 1533869991}, {"trade_id": 66366354, "type": "buy", "quantity": "0.1542", "price": "360.986", "amount": "55.6640412", "date": 1533870492}, {"trade_id": 66366715, "type": "buy", "quantity": "0.13912", "price": "361.63", "amount": "50.3099656", "date": 1533870879}, {"trade_id": 66366813, "type": "sell", "quantity": "0.13", "price": "359.73", "amount": "46.7649", "date": 1533871129}, {"trade_id": 66366985, "type": "sell", "quantity": "0.15", "price": "359.76", "amount": "53.964", "date": 1533871480}, {"trade_id": 66367142, "type": "sell", "quantity": "0.137", "price": "360.36", "amount": "49.36932", "date": 1533871807}, {"trade_id": 66367197, "type": "buy", "quantity": "0.1232", "price": "360.96", "amount": "44.470272", "date": 1533871916}, {"trade_id": 66367439, "type": "buy", "quantity": "0.13033", "price": "361.78", "amount": "47.1507874", "date": 1533872394}, {"trade_id": 66367483, "type": "sell", "quantity": "0.1165", "price": "360.125", "amount": "41.9545625", "date": 1533872505}, {"trade_id": 66367735, "type": "sell", "quantity": "0.11", "price": "359.574", "amount": "39.55314", "date": 1533872997}, {"trade_id": 66367849, "type": "buy", "quantity": "0.13", "price": "361.78", "amount": "47.0314", "date": 1533873198}, {"trade_id": 66367882, "type": "sell", "quantity": "0.126", "price": "359.315", "amount": "45.27369", "date": 1533873289}, {"trade_id": 66368244, "type": "buy", "quantity": "0.141", "price": "360.58", "amount": "50.84178", "date": 1533873727}, {"trade_id": 66368334, "type": "sell", "quantity": "0.11788", "price": "360.006", "amount": "42.43750728", "date": 1533873853}, {"trade_id": 66368509, "type": "sell", "quantity": "0.131", "price": "359.64", "amount": "47.11284", "date": 1533874097}, {"trade_id": 66368965, "type": "buy", "quantity": "0.1169", "price": "360.791", "amount": "42.1764679", "date": 1533874461}, {"trade_id": 66369122, "type": "sell", "quantity": "0.15", "price": "359.285", "amount": "53.89275", "date": 1533874737}, {"trade_id": 66369249, "type": "sell", "quantity": "0.121", "price": "359.64", "amount": "43.51644", "date": 1533875069}, {"trade_id": 66369645, "type": "buy", "quantity": "0.14708", "price": "361.66", "amount": "53.1929528", "date": 1533875772}, {"trade_id": 66369803, "type": "buy", "quantity": "0.12", "price": "361", "amount": "43.32", "date": 1533876022}, {"trade_id": 66369890, "type": "sell", "quantity": "0.09474297", "price": "357.62503626", "amount": "33.88245808", "date": 1533876133}, {"trade_id": 66369889, "type": "sell",
    "quantity": "0.00525703", "price": "358.87672388", "amount": "1.8866257", "date": 1533876133}, {"trade_id": 66370063, "type": "sell", "quantity": "0.1414", "price": "358.725", "amount": "50.723715", "date": 1533876328}, {"trade_id": 66370361, "type": "buy", "quantity": "0.158", "price": "359.925", "amount": "56.86815", "date": 1533876812}, {"trade_id": 66370394, "type": "buy", "quantity": "0.147", "price": "359.947", "amount": "52.912209", "date": 1533876907}, {"trade_id": 66370434, "type": "sell", "quantity": "0.01964965", "price": "358.69925342", "amount": "7.04831478", "date": 1533876957},
    {"trade_id": 66370508, "type": "sell", "quantity": "0.153", "price": "360.139", "amount": "55.101267", "date": 1533877218}, {"trade_id": 66370828, "type": "buy", "quantity": "0.158", "price": "360.2", "amount": "56.9116", "date": 1533877643}, {"trade_id": 66370963, "type": "buy", "quantity": "0.144", "price": "360.073", "amount": "51.850512", "date": 1533877946}, {"trade_id": 66371318, "type": "sell", "quantity": "0.1636", "price": "359.127", "amount": "58.7531772", "date": 1533878365}, {"trade_id": 66371483, "type": "sell", "quantity": "0.143", "price": "358.882", "amount": "51.320126", "date": 1533878683}, {"trade_id": 66371590, "type": "buy", "quantity": "0.16482", "price": "359.671", "amount": "59.28097422", "date": 1533878860}, {"trade_id": 66371849, "type": "buy", "quantity": "0.08953", "price": "360.85090252", "amount": "32.3069813", "date": 1533879148}, {"trade_id": 66371973, "type": "buy", "quantity": "0.16", "price": "360.025", "amount": "57.604", "date": 1533879283}, {"trade_id": 66372129, "type": "buy", "quantity": "0.1201", "price": "359.82", "amount": "43.214382", "date": 1533879561}, {"trade_id": 66372243, "type": "buy", "quantity": "0.162", "price": "360.38", "amount": "58.38156", "date": 1533879768}, {"trade_id": 66372535, "type": "buy", "quantity": "0.12685", "price": "360.194", "amount": "45.6906089", "date": 1533880168}, {"trade_id": 66373013, "type": "buy", "quantity": "0.1651", "price": "360.15", "amount": "59.460765", "date": 1533880844}, {"trade_id": 66373123, "type": "sell", "quantity": "0.15336", "price": "358.949", "amount": "55.04841864", "date": 1533880976}, {"trade_id": 66373565, "type": "buy", "quantity": "0.10174944", "price": "360.85090349", "amount": "36.71637735", "date": 1533881280}, {"trade_id": 66373838, "type": "sell", "quantity":
    "0.12", "price": "360.99", "amount": "43.3188", "date": 1533881493}, {"trade_id": 66374211, "type": "buy", "quantity": "0.16372", "price": "361.39", "amount": "59.1667708", "date": 1533881807}, {"trade_id": 66374378, "type": "sell", "quantity": "0.01789378", "price": "360.36009002", "amount": "6.44820417", "date": 1533881943}, {"trade_id": 66374391, "type": "sell", "quantity": "0.0189337", "price": "360.36009002", "amount": "6.82294983", "date": 1533881946}, {"trade_id": 66374406, "type": "sell", "quantity": "0.01789328", "price": "360.36009002", "amount": "6.44802399", "date": 1533881948}, {"trade_id": 66374412, "type": "sell", "quantity": "0.01789327", "price": "360.36009002", "amount": "6.44802038", "date": 1533881950}, {"trade_id": 66374460, "type": "buy", "quantity": "0.1207", "price": "361.65", "amount": "43.651155", "date": 1533882018}, {"trade_id": 66374837, "type": "buy", "quantity": "0.11309", "price": "360.945", "amount": "40.81927005", "date": 1533882769}, {"trade_id": 66375008, "type": "buy", "quantity": "0.121", "price": "360.94", "amount": "43.67374", "date": 1533882974}, {"trade_id": 66375475, "type": "sell", "quantity": "0.13705", "price": "360.2", "amount": "49.36541", "date": 1533883504}, {"trade_id": 66375763, "type": "buy", "quantity": "0.1248", "price": "360.498", "amount": "44.9901504", "date": 1533883869}]